<?xml version="1.0" encoding="UTF-8"?><collection xmlns="http://www.loc.gov/MARC21/slim"><record><leader>00462nam--2200169-i-4500</leader><controlfield tag="001">000003048</controlfield><controlfield tag="002">20161230</controlfield><controlfield tag="005">20161230201025</controlfield><controlfield tag="008">060222s1000------------r-----000-0-eng-d</controlfield><datafield ind1=" " ind2=" " tag="040"><subfield code="a">IFIN-HH</subfield></datafield><datafield ind1=" " ind2=" " tag="080"><subfield code="a">802.0(075.3)</subfield></datafield><datafield ind1="1" ind2=" " tag="100"><subfield code="a">Carpentier-fialip, P.Et M</subfield></datafield><datafield ind1="1" ind2="0" tag="245"><subfield code="a">L'anglais vivant</subfield><subfield code="b">Classe de sixieme</subfield><subfield code="c">P. et m. carpentier-fialip</subfield></datafield><datafield ind1=" " ind2=" " tag="260"><subfield code="a">Paris</subfield><subfield code="b">Classiques Hachette</subfield><subfield code="c">1931</subfield></datafield><datafield ind1=" " ind2=" " tag="300"><subfield code="a">X + 250 P</subfield></datafield><datafield ind1=" " ind2=" " tag="852"><subfield code="a">41868</subfield><subfield code="c">4</subfield></datafield><datafield ind1=" " ind2=" " tag="CAT"><subfield code="a">Sys</subfield><subfield code="c">20130205</subfield><subfield code="h">142601</subfield></datafield></record></collection>